@ARTICLE{2016MNRAS.463L...6S,
       author = {{Sesana}, Alberto and {Shankar}, Francesco and {Bernardi}, Mariangela and {Sheth}, Ravi K.},
        title = "{Selection bias in dynamically measured supermassive black hole samples: consequences for pulsar timing arrays}",
      journal = {MNRAS},
     keywords = {black hole physics, gravitational waves, pulsars: general, galaxies: evolution, Astrophysics - Astrophysics of Galaxies, Astrophysics - Cosmology and Nongalactic Astrophysics},
         year = "2016",
        month = "Nov",
       volume = {463},
       number = {1},
        pages = {L6-L11},
          doi = {10.1093/mnrasl/slw139},
archivePrefix = {arXiv},
       noeprint = {1603.09348},
 primaryClass = {astro-ph.GA},
       adsurl = {https://ui.adsabs.harvard.edu/abs/2016MNRAS.463L...6S},
      adsnote = {Provided by the SAO/NASA Astrophysics Data System}
}

@ARTICLE{2018ApJS..235...37A,
       author = {{Arzoumanian}, Zaven and others},
        title = "{The NANOGrav 11-year Data Set: High-precision Timing of 45 Millisecond Pulsars}",
      journal = {Astrophys. J. Supp.},
     keywords = {binaries: general, gravitational waves, parallaxes, proper motions, pulsars: general, stars: neutron, Astrophysics - High Energy Astrophysical Phenomena, Astrophysics - Instrumentation and Methods for Astrophysics},
         year = "2018",
        month = "Apr",
       volume = {235},
       number = {2},
          eid = {37},
        pages = {37},
          doi = {10.3847/1538-4365/aab5b0},
archivePrefix = {arXiv},
       noeprint = {1801.01837},
 primaryClass = {astro-ph.HE},
       adsurl = {https://ui.adsabs.harvard.edu/abs/2018ApJS..235...37A},
      adsnote = {Provided by the SAO/NASA Astrophysics Data System}
}

@book{williams2006gaussian,
  title={Gaussian processes for machine learning},
  author={Williams, Christopher KI and Rasmussen, Carl Edward},
  year={2006},
  publisher={MIT press},
  address={Cambridge, MA}
}

@book{gelman2013bayesian,
  title={Bayesian data analysis},
  author={Gelman, A. and Carlin, J.~B. and Stern, H.~S. and Dunson, D.~B. and Vehtari, A. and Rubin, D.~B.},
  year={2013},
  publisher={Chapman and Hall/CRC}
}

@ARTICLE{2018MNRAS.481.5501C,
       author = {{Caballero}, R.~N. and others},
        title = "{Studying the Solar system with the International Pulsar Timing Array}",
      journal = {MNRAS},
     keywords = {pulsars: general, methods: data analysis, methods: statistical, ephemerides, Astrophysics - Earth and Planetary Astrophysics},
         year = "2018",
        month = "Dec",
       volume = {481},
       number = {4},
        pages = {5501-5516},
          doi = {10.1093/mnras/sty2632},
archivePrefix = {arXiv},
       noeprint = {1809.10744},
 primaryClass = {astro-ph.EP},
       adsurl = {https://ui.adsabs.harvard.edu/abs/2018MNRAS.481.5501C},
      adsnote = {Provided by the SAO/NASA Astrophysics Data System}
}

@ARTICLE{2019ApJ...876...55R,
       author = {{Roebber}, Elinore},
        title = "{Ephemeris Errors and the Gravitational-wave Signal: Harmonic Mode Coupling in Pulsar Timing Array Searches}",
      journal = {\apj},
     keywords = {ephemerides, gravitational waves, methods: data analysis, pulsars: general, time, Astrophysics - High Energy Astrophysical Phenomena, Astrophysics - Cosmology and Nongalactic Astrophysics},
         year = "2019",
        month = "May",
       volume = {876},
       number = {1},
          eid = {55},
        pages = {55},
          doi = {10.3847/1538-4357/ab100e},
archivePrefix = {arXiv},
       noeprint = {1901.05468},
 primaryClass = {astro-ph.HE},
       adsurl = {https://ui.adsabs.harvard.edu/abs/2019ApJ...876...55R},
      adsnote = {Provided by the SAO/NASA Astrophysics Data System}
}

@article{roemer1676,
         author = {R\o{}mer, O.~C.},
         year = 1676,
         volume = 11,
         title = "{D\'emonstration touchant le mouvement de la lumi\`ere trouv\'e par M. R\"omer de l'Acad\'emie Royale des Sciences}",
         journal = {Journal des S\c{c}avans},
         pages = 233,
         url = {https://gallica.bnf.fr/ark:/12148/bpt6k56527v/f234.item}}

@misc{enterprise,
	author       = {{Ellis}, J.~A. and {Vallisneri}, M. and {Taylor}, S.~R. and {Baker}, P.~T.},
	journal      = {online repository},
	title        = {Enterprise},
	month        = nov,
	year         = 2017,
	note          = {\url{https://github.com/nanograv/enterprise}}
}

@article{2019ascl.soft12015E,
       author = {Ellis, J.~A. and Vallisneri, M. and Taylor, S.~R. and Baker, P.~T.},
        title = {{ENTERPRISE: Enhanced Numerical Toolbox Enabling a Robust PulsaR Inference SuitE}},
     keywords = {Software},
         year = "2019",
        month = "Dec",
        journal = "Astrophysics Source Code Library",
          url = {https://ascl.net/1912.015}, 
        pages = {ascl:1912.015},
archivePrefix = {ascl},
       eprint = {1912.015},
       adsurl = {https://ui.adsabs.harvard.edu/abs/2019ascl.soft12015E},
      adsnote = {Provided by the SAO/NASA Astrophysics Data System}
}

@article{2012ascl.soft10015H,
       author = {{Hobbs}, George and {Edwards}, Russell},
        title = "{Tempo2: Pulsar Timing Package}",
     keywords = {Software},
         year = "2012",
        month = "Oct",
        journal = "Astrophysics Source Code Library",
          url = {https://ascl.net/1210.015}, 
        pages = {ascl:1210.015},
archivePrefix = {ascl},
       eprint = {1210.015},
       adsurl = {https://ui.adsabs.harvard.edu/abs/2012ascl.soft10015H},
      adsnote = {Provided by the SAO/NASA Astrophysics Data System}
}


@ARTICLE{2006MNRAS.369..655H,
       author = {{Hobbs}, G.~B. and {Edwards}, R.~T. and {Manchester}, R.~N.},
        title = "{TEMPO2, a new pulsar-timing package - I. An overview}",
      journal = {MNRAS},
     keywords = {methods: data analysis: ephemerides: pulsars: general, methods: data analysis, ephemerides, pulsars: general, Astrophysics},
         year = "2006",
        month = "Jun",
       volume = {369},
       number = {2},
        pages = {655-672},
          doi = {10.1111/j.1365-2966.2006.10302.x},
archivePrefix = {arXiv},
       noeprint = {astro-ph/0603381},
 primaryClass = {astro-ph},
       adsurl = {https://ui.adsabs.harvard.edu/abs/2006MNRAS.369..655H},
      adsnote = {Provided by the SAO/NASA Astrophysics Data System}
}

@article{ehm06,
	Adsnote = {Provided by the SAO/NASA Astrophysics Data System},
	Adsurl = {http://adsabs.harvard.edu/abs/2006MNRAS.372.1549E},
	Author = {{Edwards}, R.~T. and {Hobbs}, G.~B. and {Manchester}, R.~N.},
	Doi = {10.1111/j.1365-2966.2006.10870.x},
	noEprint = {arXiv:astro-ph/0607664},
	Journal = {MNRAS},
	Keywords = {methods: data analysis, astrometry, celestial mechanics, time, pulsars: general},
	Month = nov,
	Pages = {1549-1574},
	Title = {{TEMPO2, a new pulsar timing package - II. The timing model and precision estimates}},
	Volume = {372},
	Year = {2006}}

@article{hd83,
	Adsnote = {Provided by the SAO/NASA Astrophysics Data System},
	Adsurl = {http://adsabs.harvard.edu/abs/1983ApJ...265L..39H},
	Author = {{Hellings}, R.~W. and {Downs}, G.~S.},
	Doi = {10.1086/183954},
	Journal = {Astrophys. J. Lett.},
	Keywords = {BACKGROUND RADIATION, COSMOLOGY, GRAVITATIONAL WAVES, PULSARS, TIME MEASUREMENT, DOPPLER EFFECT, GRAVITATION THEORY, GRAVITATIONAL WAVE ANTENNAS, ISOTROPY, LIMITS (MATHEMATICS), PERTURBATION THEORY, POWER SPECTRA, SPECTRAL ENERGY DISTRIBUTION, STOCHASTIC PROCESSES},
	Month = feb,
	Pages = {L39-L42},
	Title = {{Upper limits on the isotropic gravitational radiation background from pulsar timing analysis}},
	Volume = {265},
	Year = {1983}}

@ARTICLE{2015AJ....150...58F,
       author = {{Fey}, A.~L. and others},
        title = "{The Second Realization of the International Celestial Reference Frame by Very Long Baseline Interferometry}",
      journal = {Astron. J.},
     keywords = {astrometry, catalogs, quasars: general, radio continuum: galaxies, reference systems, techniques: interferometric},
         year = "2015",
        month = "Aug",
       volume = {150},
       number = {2},
          eid = {58},
        pages = {58},
          doi = {10.1088/0004-6256/150/2/58},
       adsurl = {https://ui.adsabs.harvard.edu/abs/2015AJ....150...58F},
      adsnote = {Provided by the SAO/NASA Astrophysics Data System}
}

@article{Ma_1998,
	doi = {10.1086/300408},
	url = {https://doi.org/10.1086%2F300408},
	year = 1998,
	month = {jul},
	publisher = {{IOP} Publishing},
	volume = {116},
	number = {1},
	pages = {516--546},
	author = {C. Ma and E. F. Arias and T. M. Eubanks and A. L. Fey and A.-M. Gontier and C. S. Jacobs and O. J. Sovers and B. A. Archinal and P. Charlot},
	title = {The International Celestial Reference Frame as Realized by Very Long Baseline Interferometry},
	journal = {The Astronomical Journal},
}

@article{d71,
	Author = {James M. Dickey},
	Issn = {00034851},
	Journal = {The Annals of Mathematical Statistics},
	Number = {1},
	Pages = {204-223},
	Publisher = {Institute of Mathematical Statistics},
	Title = {The Weighted Likelihood Ratio, Linear Hypotheses on Normal Location Parameters},
	Url = {http://www.jstor.org/stable/2958475},
	Volume = {42},
	Year = {1971}}

@techreport{ssdelements,
    author = {Standish, E. M.},
    title = {Keplerian Elements for Approximate Positions of the Major Planets},
    year = "undated",
    url = {https://ssd.jpl.nasa.gov/txt/aprx_pos_planets.pdf},
    note = {\url{https://ssd.jpl.nasa.gov/txt/aprx_pos_planets.pdf}},
    Institution = {Jet Propulsion Laboratory},
	Address = {Pasadena, CA}
}
Keplerian Elements for Approximate Positions of the Major Planets

@techreport{de438,
    author = {Folkner, W. M. and Park, R. S.},
    title = {Planetary ephemeris DE438 for Juno},
    number = {IOM 392R-18-004},
    year = 2018,
    Institution = {Jet Propulsion Laboratory},
	Address = {Pasadena, CA}
}

@techreport{de434cov,
    author = {Folkner, W. M. and Park, R. S.},
    title = {Uncertainty in the orbit of Jupiter for Juno planning},
    number = {IOM 343R-15-019},
    year = 2015,
    Institution = {Jet Propulsion Laboratory},
	Address = {Pasadena, CA}
}

@BOOK{2012hpa..book.....L,  
   author = {{Lorimer}, D.~R. and {Kramer}, M.},
    title = "{Handbook of Pulsar Astronomy}",
     year = 2012,
  address={Cambridge, UK},
publisher = {Cambridge University Press},
    month = oct,
   adsurl = {http://adsabs.harvard.edu/abs/2012hpa..book.....L},
  adsnote = {Provided by the SAO/NASA Astrophysics Data System}
}

@ARTICLE{2013CQGra..30v4001L,
       author = {{Lommen}, Andrea N. and {Demorest}, Paul},
        title = "{Pulsar timing techniques}",
      journal = {Classical and Quantum Gravity},
     keywords = {Astrophysics - Instrumentation and Methods for Astrophysics, Astrophysics - Astrophysics of Galaxies},
         year = "2013",
        month = "Nov",
       volume = {30},
       number = {22},
          eid = {224001},
        pages = {224001},
          doi = {10.1088/0264-9381/30/22/224001},
archivePrefix = {arXiv},
       noeprint = {1309.1767},
 primaryClass = {astro-ph.IM},
       adsurl = {https://ui.adsabs.harvard.edu/abs/2013CQGra..30v4001L},
      adsnote = {Provided by the SAO/NASA Astrophysics Data System}
}

@article{h13,
	Adsnote = {Provided by the SAO/NASA Astrophysics Data System},
	Adsurl = {http://adsabs.harvard.edu/abs/2013CQGra..30v4007H},
	Archiveprefix = {arXiv},
	Author = {{Hobbs}, G.},
	Doi = {10.1088/0264-9381/30/22/224007},
	Eid = {224007},
	noEprint = {1307.2629},
	Journal = {Classical and Quantum Gravity},
	Month = nov,
	Number = {22},
	Pages = {224007},
	Primaryclass = {astro-ph.IM},
	Title = {{The Parkes Pulsar Timing Array}},
	Volume = {30},
	Year = {2013}}}

@ARTICLE{v+16,
   author = {{Verbiest}, J.~P.~W. and others},
    title = "{The International Pulsar Timing Array: First data release}",
  journal = {MNRAS},
archivePrefix = "arXiv",
   noeprint = {1602.03640},
 primaryClass = "astro-ph.IM",
 keywords = {methods: data analysis, pulsars: general},
     year = 2016,
    month = may,
   volume = 458,
    pages = {1267-1288},
      doi = {10.1093/mnras/stw347},
   adsurl = {http://adsabs.harvard.edu/abs/2016MNRAS.458.1267V},
  adsnote = {Provided by the SAO/NASA Astrophysics Data System}
}

@article{ml13,
	Adsnote = {Provided by the SAO/NASA Astrophysics Data System},
	Adsurl = {http://adsabs.harvard.edu/abs/2013CQGra..30v4008M},
	Archiveprefix = {arXiv},
	Author = {{McLaughlin}, M.~A.},
	Doi = {10.1088/0264-9381/30/22/224008},
	Eid = {224008},
	noEprint = {1310.0758},
	Journal = {Classical and Quantum Gravity},
	Month = nov,
	Number = {22},
	Pages = {224008},
	Primaryclass = {astro-ph.IM},
	Title = {{The North American Nanohertz Observatory for Gravitational Waves}},
	Volume = {30},
	Year = {2013}}

@ARTICLE{dcl+16,
   author = {{Desvignes}, G. and others},
    title = "{High-precision timing of 42 millisecond pulsars with the European Pulsar Timing Array}",
  journal = {MNRAS},
archivePrefix = "arXiv",
   noeprint = {1602.08511},
 primaryClass = "astro-ph.HE",
 keywords = {proper motions, stars: distances, pulsars: general},
     year = 2016,
    month = may,
   volume = 458,
    pages = {3341-3380},
      doi = {10.1093/mnras/stw483},
   adsurl = {http://adsabs.harvard.edu/abs/2016MNRAS.458.3341D},
  adsnote = {Provided by the SAO/NASA Astrophysics Data System}
}

@article{saz78,
	Adsnote = {Provided by the SAO/NASA Astrophysics Data System},
	Adsurl = {http://adsabs.harvard.edu/abs/1978SvA....22...36S},
	Author = {{Sazhin}, M.~V.},
	Journal = {Sov.~Ast.},
	Keywords = {BINARY STARS, ELECTROMAGNETIC PULSES, GRAVITATIONAL WAVES, LONG WAVE RADIATION, RADIATION DETECTORS, SUPERMASSIVE STARS, PROPAGATION MODES, PULSARS, STELLAR MASS, SUPERGIANT STARS},
	Month = feb,
	Pages = {36-38},
	Title = {{Opportunities for detecting ultralong gravitational waves}},
	Volume = {22},
	Year = {1978}}

@article{det79,
	Adsnote = {Provided by the SAO/NASA Astrophysics Data System},
	Adsurl = {http://adsabs.harvard.edu/abs/1979ApJ...234.1100D},
	Author = {{Detweiler}, S.},
	Doi = {10.1086/157593},
	Journal = {Astrophys. J.},
	Keywords = {COSMOLOGY, GRAVITATIONAL WAVES, PULSARS, TIME MEASUREMENT, BLACK HOLES (ASTRONOMY), COSMIC RAYS, FREQUENCY RESPONSE, RELATIVITY, STOCHASTIC PROCESSES},
	Month = dec,
	Pages = {1100-1104},
	Title = {{Pulsar timing measurements and the search for gravitational waves}},
	Volume = {234},
	Year = {1979}}

@article{fb90,
	Adsnote = {Provided by the SAO/NASA Astrophysics Data System},
	Adsurl = {http://adsabs.harvard.edu/abs/1990ApJ...361..300F},
	Author = {{Foster}, R.~S. and {Backer}, D.~C.},
	Doi = {10.1086/169195},
	Journal = {Astrophys. J.},
	Keywords = {ATOMIC CLOCKS, ERROR ANALYSIS, PULSARS, TIME MEASURING INSTRUMENTS, TIME SIGNALS, EARTH ROTATION, GRAVITATIONAL WAVES, POLYNOMIALS, TELESCOPES, TIME MEASUREMENT},
	Month = sep,
	Pages = {300-308},
	Title = {{Constructing a pulsar timing array}},
	Volume = {361},
	Year = {1990}}

@ARTICLE{1983A&A...125..150N,
       author = {{Newhall}, X.~X. and {Standish}, E.~M. and {Williams}, J.~G.},
        title = "{DE 102: a numerically integrated ephemeris of the moon and planets spanning forty-four centuries.}",
      journal = {A\&A},
     keywords = {Astrometry, Planet Ephemerides, Errors, Least Squares Method, Libration, Lunar Rangefinding, Numerical Integration, Orbital Mechanics, Radar Measurement, PLANETS, MOON, ASTRONOMY, EPHEMERIS, ANALYSIS, PROCEDURE, OBSERVATIONS, RADAR OBSERVATIONS, LASER RANGING, MODELS, ACCRETION, COMPARISONS, HISTORY, THEORETICAL STUDIES, PARAMETERS, Astronomy; Planets, Ephemerides:Moon, Ephemerides:Planets, Planets:Ephemerides},
         year = "1983",
        month = "Aug",
       volume = {125},
       number = {1},
        pages = {150-167},
       adsurl = {https://ui.adsabs.harvard.edu/abs/1983A&A...125..150N},
      adsnote = {Provided by the SAO/NASA Astrophysics Data System}
}

@phdthesis{verma2013,
  author       = {Verma, A.~K.}, 
  title        = {Improvement of the planetary ephemerides using spacecraft navigation data and its application to fundamental physics},
  school       = {Universit\'e de Franche-Comt\'e},
  year         = 2013,
  address      = {Besan\c{c}on, France},
  url          = {https://tel.archives-ouvertes.fr/tel-01124331/document}
}

@ARTICLE{2019MNRAS.489.5573G,
       author = {{Guo}, Y.~J. and {Li}, G.~Y. and {Lee}, K.~J. and {Caballero}, R.~N.},
        title = "{Studying the Solar system dynamics using pulsar timing arrays and the LINIMOSS dynamical model}",
      journal = {MNRAS},
     keywords = {methods: data analysis, pulsars: general, Astrophysics - Earth and Planetary Astrophysics, Astrophysics - Solar and Stellar Astrophysics},
         year = "2019",
        month = "Nov",
       volume = {489},
       number = {4},
        pages = {5573-5581},
          doi = {10.1093/mnras/stz2515},
archivePrefix = {arXiv},
       eprintOPT = {1909.04507},
 primaryClass = {astro-ph.EP},
       adsurl = {https://ui.adsabs.harvard.edu/abs/2019MNRAS.489.5573G},
      adsnote = {Provided by the SAO/NASA Astrophysics Data System}
}

@article{vhv14,
        Adsnote = {Provided by the SAO/NASA Astrophysics Data System},
        Adsurl = {http://adsabs.harvard.edu/abs/2014PhRvD..90j4012V},
        Archiveprefix = {arXiv},
        Author = {{van Haasteren}, R. and {Vallisneri}, M.},
        Doi = {10.1103/PhysRevD.90.104012},
        Eid = {104012},
        EprintOPT = {1407.1838},
        Journal = {\prd},
        Keywords = {Gravitational waves: theory, Relativity and gravitation, Pulsars},
        Month = nov,
        Number = {10},
        Pages = {104012},
        Primaryclass = {gr-qc},
        Title = {{New advances in the Gaussian-process approach to pulsar-timing data analysis}},
        Volume = {90},
        Year = {2014},
        Bdsk-Url-1 = {http://dx.doi.org/10.1103/PhysRevD.90.104012}}


@misc{FPP17, 
        author = {Folkner, W. M. and Park, R. S},
        howpublished = {personal communication},
        year = 2017
}

@BOOK{1961mcm..book.....B,
   author = {{Brouwer}, D. and {Clemence}, G.~M.},
    title = "{Methods of celestial mechanics}",
 keywords = {CELESTIAL MECHANICS},
     year = 1961,
     publisher = {Academic Press},
     address = {New York},
   adsurl = {http://adsabs.harvard.edu/abs/1961mcm..book.....B},
  adsnote = {Provided by the SAO/NASA Astrophysics Data System}
}

@misc{iaumasses,
	note = {\url{http://maia.usno.navy.mil/NSFA/NSFA\_cbe.html}},
	author = {IAU},
	title = {{Division I Working Group on Numerical Standards for Fundamental Astronomy}},
	year = {2017},
	howpublished = {online},
	title = "{Astronomical Constants: Current Best Estimates}"
}

@article{jh+2000,
author = {Jacobson, R.~A. and Haw, R.~J. and McElrath, T.~P. and Antreasian, P.~G.},
year = {2000},
pages = {495-516},
title = {A comprehensive orbit reconstruction for the Galileo prime mission in the J2000 system},
volume = {48},
issue = {4},
journal = {J. Astronaut. Sci.}
}

@ARTICLE{2006AJ....132.2520J,
   author = {{Jacobson}, R.~A. and others},
    title = "{The Gravity Field of the Saturnian System from Satellite Observations and Spacecraft Tracking Data}",
  journal = {Astron. J.},
 keywords = {Gravitation, Planets and Satellites: General, Planets and Satellites: Individual: Saturn},
     year = 2006,
    month = dec,
   volume = 132,
    pages = {2520-2526},
      doi = {10.1086/508812},
   adsurl = {http://adsabs.harvard.edu/abs/2006AJ....132.2520J},
  adsnote = {Provided by the SAO/NASA Astrophysics Data System}
}

@ARTICLE{2014AJ....148...76J,
   author = {{Jacobson}, R.~A.},
    title = "{The Orbits of the Uranian Satellites and Rings, the Gravity Field of the Uranian System, and the Orientation of the Pole of Uranus}",
  journal = {Astron. J.},
 keywords = {planets and satellites: individual: Uranus, planets and satellites: rings},
     year = 2014,
    month = nov,
   volume = 148,
      eid = {76},
    pages = {76},
      doi = {10.1088/0004-6256/148/5/76},
   adsurl = {http://adsabs.harvard.edu/abs/2014AJ....148...76J},
  adsnote = {Provided by the SAO/NASA Astrophysics Data System}
}

@ARTICLE{2009AJ....137.4322J,
   author = {{Jacobson}, R.~A.},
    title = "{The Orbits of the Neptunian Satellites and the Orientation of the Pole of Neptune}",
  journal = {Astron. J.},
 keywords = {ephemerides, planets and satellites: individual: Neptune Nereid Proteus Triton},
     year = 2009,
    month = may,
   volume = 137,
    pages = {4322-4329},
      doi = {10.1088/0004-6256/137/5/4322},
   adsurl = {http://adsabs.harvard.edu/abs/2009AJ....137.4322J},
  adsnote = {Provided by the SAO/NASA Astrophysics Data System}
}

@ARTICLE{2015MNRAS.453.2576L,
       author = {{Lentati}, L. and others},
       authorFULL = {{Lentati}, L. and {Taylor}, S.~R. and {Mingarelli}, C.~M.~F. and
         {Sesana}, A. and {Sanidas}, S.~A. and {Vecchio}, A. and
         {Caballero}, R.~N. and {Lee}, K.~J. and {van Haasteren}, R. and
         {Babak}, S. and {Bassa}, C.~G. and {Brem}, P. and {Burgay}, M. and
         {Champion}, D.~J. and {Cognard}, I. and {Desvignes}, G. and
         {Gair}, J.~R. and {Guillemot}, L. and {Hessels}, J.~W.~T. and
         {Janssen}, G.~H. and {Karuppusamy}, R. and {Kramer}, M. and
         {Lassus}, A. and {Lazarus}, P. and {Liu}, K. and {Os{\l}owski}, S. and
         {Perrodin}, D. and {Petiteau}, A. and {Possenti}, A. and
         {Purver}, M.~B. and {Rosado}, P.~A. and {Smits}, R. and {Stappers}, B. and
         {Theureau}, G. and {Tiburzi}, C. and {Verbiest}, J.~P.~W.},
        title = "{European Pulsar Timing Array limits on an isotropic stochastic gravitational-wave background}",
      journal = {MNRAS},
     keywords = {gravitational waves, methods: data analysis, pulsars: general, Astrophysics - Cosmology and Nongalactic Astrophysics, Astrophysics - Instrumentation and Methods for Astrophysics},
         year = "2015",
        month = "Nov",
       volume = {453},
       number = {3},
        pages = {2576-2598},
          doi = {10.1093/mnras/stv1538},
archivePrefix = {arXiv},
       eprintOPT = {1504.03692},
 primaryClass = {astro-ph.CO},
       adsurl = {https://ui.adsabs.harvard.edu/abs/2015MNRAS.453.2576L},
      adsnote = {Provided by the SAO/NASA Astrophysics Data System}
}

@BOOK{moyer2003,
    author = {Moyer, T. D.},
    title = {Formulation for Observed and Computed Values of Deep Space Network Data Types for Navigation},
    year = 2003,
    publisher = {Wiley},
    address = {New York}
    }

@article{PhysRevD.89.102002,
  title = {Constraints on modified Newtonian dynamics theories from radio tracking data of the Cassini spacecraft},
  author = {Hees, A. and Folkner, W. M. and Jacobson, R. A. and Park, R. S.},
  journal = {Phys. Rev. D},
  volume = {89},
  issue = {10},
  pages = {102002},
  numpages = {9},
  year = {2014},
  month = {May},
  publisher = {American Physical Society},
  doi = {10.1103/PhysRevD.89.102002},
  url = {https://link.aps.org/doi/10.1103/PhysRevD.89.102002}
}

@ARTICLE{2016MNRAS.455.4339T,
       author = {{Tiburzi}, C. and {Hobbs}, G. and {Kerr}, M. and {Coles}, W.~A. and
        {Dai}, S. and {Manchester}, R.~N. and {Possenti}, A. and
        {Shannon}, R.~M. and {You}, X.~P.},
        title = "{A study of spatial correlations in pulsar timing array data}",
      journal = {MNRAS},
     keywords = {gravitational waves, methods: numerical, pulsars: general, Astrophysics
        - Instrumentation and Methods for Astrophysics, Astrophysics -
        Solar and Stellar Astrophysics},
         year = 2016,
        month = Feb,
       volume = {455},
        pages = {4339-4350},
          doi = {10.1093/mnras/stv2143},
 primaryClass = {astro-ph.IM},
       adsurl = {https://ui.adsabs.harvard.edu/#abs/2016MNRAS.455.4339T},
      adsnote = {Provided by the SAO/NASA Astrophysics Data System}
}

@ARTICLE{2010ApJ...720L.201C,
author = {{Champion}, D.~J. and others},
       authorFULL = {{Champion}, D.~J. and {Hobbs}, G.~B. and {Manchester}, R.~N. and
        {Edwards}, R.~T. and {Backer}, D.~C. and {Bailes}, M. and
        {Bhat}, N.~D.~R. and {Burke-Spolaor}, S. and {Coles}, W. and
        {Demorest}, P.~B. and {Ferdman}, R.~D. and {Folkner}, W.~M. and
        {Hotan}, A.~W. and {Kramer}, M. and {Lommen}, A.~N. and {Nice},
        D.~J. and {Purver}, M.~B. and {Sarkissian}, J.~M. and {Stairs},
        I.~H. and {van Straten}, W. and {Verbiest}, J.~P.~W. and
        {Yardley}, D.~R.~B.},
        title = "{Measuring the Mass of Solar System Planets Using Pulsar Timing}",
      journal = {\apj},
     keywords = {planets and satellites: general, planets and satellites: individual:
        Jupiter, pulsars: general, Astrophysics - Earth and Planetary
        Astrophysics},
         year = 2010,
        month = Sep,
       volume = {720},
        pages = {L201-L205},
          doi = {10.1088/2041-8205/720/2/L201},
archivePrefix = {arXiv},
       eprintOPT = {1008.3607},
 primaryClass = {astro-ph.EP},
       adsurl = {https://ui.adsabs.harvard.edu/#abs/2010ApJ...720L.201C},
      adsnote = {Provided by the SAO/NASA Astrophysics Data System}
}

@ARTICLE{2009IPNPR.178C...1F,
   author = {{Folkner}, W.~M. and {Williams}, J.~G. and {Boggs}, D.~H.},
    title = "{The Planetary and Lunar Ephemeris DE 421}",
  journal = {Interplanetary Network Progress Report},
     year = 2009,
    month = aug,
   volume = 178,
    pages = {1-34},
      url = {https://ipnpr.jpl.nasa.gov/progress_report/42-178/178C.pdf},
   adsurl = {http://adsabs.harvard.edu/abs/2009IPNPR.178C...1F},
  adsnote = {Provided by the SAO/NASA Astrophysics Data System}
}

@ARTICLE{2014IPNPR.196C...1F,
   author = {{Folkner}, W.~M. and {Williams}, J.~G. and {Boggs}, D.~H. and 
	{Park}, R.~S. and {Kuchynka}, P.},
    title = "{The Planetary and Lunar Ephemerides DE430 and DE431}",
  journal = {Interplanetary Network Progress Report},
     year = 2014,
    month = feb,
   volume = 196,
    pages = {1-81},
      url = {https://naif.jpl.nasa.gov/pub/naif/generic_kernels/spk/planets/de430_and_de431.pdf},
   adsurl = {http://adsabs.harvard.edu/abs/2014IPNPR.196C...1F},
  adsnote = {Provided by the SAO/NASA Astrophysics Data System}
}

@techreport{de434,
    author = {Park, R. S. and Folkner, W. M. and Jacobson, R. A.},
    title = {The planetary ephemeris DE434},
    number = {IOM 392R-15-018},
    year = 2015,
    Institution = {Jet Propulsion Laboratory},
	Address = {Pasadena, CA},
    note = {\url{ftp://ssd.jpl.nasa.gov/pub/eph/planets/ioms/de434.iom.pdf}}
}

@techreport{de435,
	Author = {Folkner, W. M. and Park, R. S and Jacobson, R. A.},
	Institution = {Jet Propulsion Laboratory},
	Address = {Pasadena, CA},
	Number = {IOM 392R-16-003},
	Title = {Planetary ephemeris DE435},
	note = {\url{ftp://ssd.jpl.nasa.gov/pub/eph/planets/ioms/de435.iom.pdf}},
	Year = {2016}}

@misc{de436,
	Author = {Folkner, W. M. and Park, R. S},
	Institution = {Jet Propulsion Laboratory},
	Address = {Pasadena, CA},
	Title = "{JPL planetary and Lunar ephemeris DE436}",
	howpublished = {online},
	note = {\url{https://naif.jpl.nasa.gov/pub/naif/JUNO/kernels/spk/de436s.bsp.lbl}},
	Year = {2016}}

@ARTICLE{2018ApJ...859...47A,
   author = {{Arzoumanian}, Z. and others},
   authorFULL = {{Arzoumanian}, Z. and {Baker}, P.~T. and {Brazier}, A. and {Burke-Spolaor}, S. and 
	{Chamberlin}, S.~J. and {Chatterjee}, S. and {Christy}, B. and 
	{Cordes}, J.~M. and {Cornish}, N.~J. and {Crawford}, F. and 
	{Thankful Cromartie}, H. and {Crowter}, K. and {DeCesar}, M. and 
	{Demorest}, P.~B. and {Dolch}, T. and {Ellis}, J.~A. and {Ferdman}, R.~D. and 
	{Ferrara}, E. and {Folkner}, W.~M. and {Fonseca}, E. and {Garver-Daniels}, N. and 
	{Gentile}, P.~A. and {Haas}, R. and {Hazboun}, J.~S. and {Huerta}, E.~A. and 
	{Islo}, K. and {Jones}, G. and {Jones}, M.~L. and {Kaplan}, D.~L. and 
	{Kaspi}, V.~M. and {Lam}, M.~T. and {Lazio}, T.~J.~W. and {Levin}, L. and 
	{Lommen}, A.~N. and {Lorimer}, D.~R. and {Luo}, J. and {Lynch}, R.~S. and 
	{Madison}, D.~R. and {McLaughlin}, M.~A. and {McWilliams}, S.~T. and 
	{Mingarelli}, C.~M.~F. and {Ng}, C. and {Nice}, D.~J. and {Park}, R.~S. and 
	{Pennucci}, T.~T. and {Pol}, N.~S. and {Ransom}, S.~M. and {Ray}, P.~S. and 
	{Rasskazov}, A. and {Siemens}, X. and {Simon}, J. and {Spiewak}, R. and 
	{Stairs}, I.~H. and {Stinebring}, D.~R. and {Stovall}, K. and 
	{Swiggum}, J. and {Taylor}, S.~R. and {Vallisneri}, M. and {van Haasteren}, R. and 
	{Vigeland}, S. and {Zhu}, W.~W. and {NANOGrav Collaboration}
	},
    title = "{The NANOGrav 11 Year Data Set: Pulsar-timing Constraints on the Stochastic Gravitational-wave Background}",
  journal = {\apj},
archivePrefix = "arXiv",
   eprintOPT = {1801.02617},
 primaryClass = "astro-ph.HE",
 keywords = {ephemerides, gravitational waves, inflation, methods: data analysis, pulsars: general, quasars: supermassive black holes},
     year = 2018,
    month = may,
   volume = 859,
      eid = {47},
    pages = {47},
      doi = {10.3847/1538-4357/aabd3b},
   adsurl = {http://adsabs.harvard.edu/abs/2018ApJ...859...47A},
  adsnote = {Provided by the SAO/NASA Astrophysics Data System}
}

@ARTICLE{2015Sci...349.1522S,
   author = {{Shannon}, R.~M. and others},
   authorFULL = {{Shannon}, R.~M. and {Ravi}, V. and {Lentati}, L.~T. and {Lasky}, P.~D. and 
	{Hobbs}, G. and {Kerr}, M. and {Manchester}, R.~N. and {Coles}, W.~A. and 
	{Levin}, Y. and {Bailes}, M. and {Bhat}, N.~D.~R. and {Burke-Spolaor}, S. and 
	{Dai}, S. and {Keith}, M.~J. and {Os{\l}owski}, S. and {Reardon}, D.~J. and 
	{van Straten}, W. and {Toomey}, L. and {Wang}, J.-B. and {Wen}, L. and 
	{Wyithe}, J.~S.~B. and {Zhu}, X.-J.},
    title = "{Gravitational waves from binary supermassive black holes missing in pulsar observations}",
  journal = {Science},
archivePrefix = "arXiv",
   eprintOPT = {1509.07320},
     year = 2015,
    month = sep,
   volume = 349,
    pages = {1522-1525},
      doi = {10.1126/science.aab1910},
   adsurl = {http://adsabs.harvard.edu/abs/2015Sci...349.1522S},
  adsnote = {Provided by the SAO/NASA Astrophysics Data System}
}

@ARTICLE{2016ApJ...821...13A,
   author = {{Arzoumanian}, Z. and others},
   authorFULL = {{Arzoumanian}, Z. and {Brazier}, A. and {Burke-Spolaor}, S. and 
	{Chamberlin}, S.~J. and {Chatterjee}, S. and {Christy}, B. and 
	{Cordes}, J.~M. and {Cornish}, N.~J. and {Crowter}, K. and {Demorest}, P.~B. and 
	{Deng}, X. and {Dolch}, T. and {Ellis}, J.~A. and {Ferdman}, R.~D. and 
	{Fonseca}, E. and {Garver-Daniels}, N. and {Gonzalez}, M.~E. and 
	{Jenet}, F. and {Jones}, G. and {Jones}, M.~L. and {Kaspi}, V.~M. and 
	{Koop}, M. and {Lam}, M.~T. and {Lazio}, T.~J.~W. and {Levin}, L. and 
	{Lommen}, A.~N. and {Lorimer}, D.~R. and {Luo}, J. and {Lynch}, R.~S. and 
	{Madison}, D.~R. and {McLaughlin}, M.~A. and {McWilliams}, S.~T. and 
	{Mingarelli}, C.~M.~F. and {Nice}, D.~J. and {Palliyaguru}, N. and 
	{Pennucci}, T.~T. and {Ransom}, S.~M. and {Sampson}, L. and 
	{Sanidas}, S.~A. and {Sesana}, A. and {Siemens}, X. and {Simon}, J. and 
	{Stairs}, I.~H. and {Stinebring}, D.~R. and {Stovall}, K. and 
	{Swiggum}, J. and {Taylor}, S.~R. and {Vallisneri}, M. and {van Haasteren}, R. and 
	{Wang}, Y. and {Zhu}, W.~W. and {NANOGrav Collaboration}},
    title = "{The NANOGrav Nine-year Data Set: Limits on the Isotropic Stochastic Gravitational Wave Background}",
  journal = {\apj},
archivePrefix = "arXiv",
   eprintOPT = {1508.03024},
 keywords = {gravitational waves, methods: data analysis, pulsars: general},
     year = 2016,
    month = apr,
   volume = 821,
      eid = {13},
    pages = {13},
      doi = {10.3847/0004-637X/821/1/13},
   adsurl = {http://adsabs.harvard.edu/abs/2016ApJ...821...13A},
  adsnote = {Provided by the SAO/NASA Astrophysics Data System}
}

@ARTICLE{2006MNRAS.372.1549E,
   author = {{Edwards}, R.~T. and {Hobbs}, G.~B. and {Manchester}, R.~N.},
    title = "{TEMPO2, a new pulsar timing package - II. The timing model and precision estimates}",
  journal = {MNRAS},
   eprintOPT = {astro-ph/0607664},
 keywords = {methods: data analysis, astrometry, celestial mechanics, time, pulsars: general},
     year = 2006,
    month = nov,
   volume = 372,
    pages = {1549-1574},
      doi = {10.1111/j.1365-2966.2006.10870.x},
   adsurl = {http://adsabs.harvard.edu/abs/2006MNRAS.372.1549E},
  adsnote = {Provided by the SAO/NASA Astrophysics Data System}
}

@ARTICLE{1990ApJ...361..300F,
   author = {{Foster}, R.~S. and {Backer}, D.~C.},
    title = "{Constructing a pulsar timing array}",
  journal = {\apj},
 keywords = {Atomic Clocks, Error Analysis, Pulsars, Time Measuring Instruments, Time Signals, Earth Rotation, Gravitational Waves, Polynomials, Telescopes, Time Measurement},
     year = 1990,
    month = sep,
   volume = 361,
    pages = {300-308},
      doi = {10.1086/169195},
   adsurl = {http://adsabs.harvard.edu/abs/1990ApJ...361..300F},
  adsnote = {Provided by the SAO/NASA Astrophysics Data System}
}

@ARTICLE{2019MNRAS.490.4666P,
       author = {{Perera}, B.~B.~P. and others},
       authorFULL = {{Perera}, B.~B.~P. and {DeCesar}, M.~E. and {Demorest}, P.~B. and
         {Kerr}, M. and {Lentati}, L. and {Nice}, D.~J. and {Os{\l}owski}, S. and
         {Ransom}, S.~M. and {Keith}, M.~J. and {Arzoumanian}, Z. and
         {Bailes}, M. and {Baker}, P.~T. and {Bassa}, C.~G. and
         {Bhat}, N.~D.~R. and {Brazier}, A. and {Burgay}, M. and
         {Burke-Spolaor}, S. and {Caballero}, R.~N. and {Champion}, D.~J. and
         {Chatterjee}, S. and {Chen}, S. and {Cognard}, I. and {Cordes}, J.~M. and
         {Crowter}, K. and {Dai}, S. and {Desvignes}, G. and {Dolch}, T. and
         {Ferdman}, R.~D. and {Ferrara}, E.~C. and {Fonseca}, E. and
         {Goldstein}, J.~M. and {Graikou}, E. and {Guillemot}, L. and
         {Hazboun}, J.~S. and {Hobbs}, G. and {Hu}, H. and {Islo}, K. and
         {Janssen}, G.~H. and {Karuppusamy}, R. and {Kramer}, M. and
         {Lam}, M.~T. and {Lee}, K.~J. and {Liu}, K. and {Luo}, J. and
         {Lyne}, A.~G. and {Manchester}, R.~N. and {McKee}, J.~W. and
         {McLaughlin}, M.~A. and {Mingarelli}, C.~M.~F. and
         {Parthasarathy}, A.~P. and {Pennucci}, T.~T. and {Perrodin}, D. and
         {Possenti}, A. and {Reardon}, D.~J. and {Russell}, C.~J. and
         {Sanidas}, S.~A. and {Sesana}, A. and {Shaifullah}, G. and
         {Shannon}, R.~M. and {Siemens}, X. and {Simon}, J. and {Spiewak}, R. and
         {Stairs}, I.~H. and {Stappers}, B.~W. and {Swiggum}, J.~K. and
         {Taylor}, S.~R. and {Theureau}, G. and {Tiburzi}, C. and
         {Vallisneri}, M. and {Vecchio}, A. and {Wang}, J.~B. and
         {Zhang}, S.~B. and {Zhang}, L. and {Zhu}, W.~W. and {Zhu}, X.~J.},
        title = "{The International Pulsar Timing Array: second data release}",
      journal = {MNRAS},
     keywords = {stars: neutron, pulsars: general, gravitational waves, methods: data analysis, Astrophysics - High Energy Astrophysical Phenomena},
         year = "2019",
        month = "Dec",
       volume = {490},
       number = {4},
        pages = {4666-4687},
          doi = {10.1093/mnras/stz2857},
archivePrefix = {arXiv},
       noeprint = {1909.04534},
 primaryClass = {astro-ph.HE},
       adsurl = {https://ui.adsabs.harvard.edu/abs/2019MNRAS.490.4666P},
      adsnote = {Provided by the SAO/NASA Astrophysics Data System}
}

@misc{inpop13,
    title={INPOP new release: INPOP13b},
    author={A. Fienga and H. Manche and J. Laskar and M. Gastineau and A. Verma},
    year={2014},
    eprint={1405.0484},
    archivePrefix={arXiv},
    primaryClass={astro-ph.EP}
}

@article{inpop17,
   title={The new lunar ephemeris INPOP17a and its application to fundamental physics},
   volume={476},
   ISSN={1365-2966},
   url={http://dx.doi.org/10.1093/mnras/sty096},
   DOI={10.1093/mnras/sty096},
   number={2},
   journal={Monthly Notices of the Royal Astronomical Society},
   publisher={Oxford University Press (OUP)},
   author={Viswanathan, V and Fienga, A and Minazzoli, O and Bernus, L and Laskar, J and Gastineau, M},
   year={2018},
   month={Jan},
   pages={1877-1888}
}
